%YAML 1.1
%TAG !u! tag:unity3d.com,2011:
--- !u!29 &1
OcclusionCullingSettings:
  m_ObjectHideFlags: 0
  serializedVersion: 2
  m_OcclusionBakeSettings:
    smallestOccluder: 5
    smallestHole: 0.25
    backfaceThreshold: 100
  m_SceneGUID: 00000000000000000000000000000000
  m_OcclusionCullingData: {fileID: 0}
--- !u!104 &2
RenderSettings:
  m_ObjectHideFlags: 0
  serializedVersion: 9
  m_Fog: 0
  m_FogColor: {r: 0.5, g: 0.5, b: 0.5, a: 1}
  m_FogMode: 3
  m_FogDensity: 0.01
  m_LinearFogStart: 0
  m_LinearFogEnd: 300
  m_AmbientSkyColor: {r: 0.212, g: 0.227, b: 0.259, a: 1}
  m_AmbientEquatorColor: {r: 0.114, g: 0.125, b: 0.133, a: 1}
  m_AmbientGroundColor: {r: 0.047, g: 0.043, b: 0.035, a: 1}
  m_AmbientIntensity: 1
  m_AmbientMode: 0
  m_SubtractiveShadowColor: {r: 0.42, g: 0.478, b: 0.627, a: 1}
  m_SkyboxMaterial: {fileID: 10304, guid: 0000000000000000f000000000000000, type: 0}
  m_HaloStrength: 0.5
  m_FlareStrength: 1
  m_FlareFadeSpeed: 3
  m_HaloTexture: {fileID: 0}
  m_SpotCookie: {fileID: 10001, guid: 0000000000000000e000000000000000, type: 0}
  m_DefaultReflectionMode: 0
  m_DefaultReflectionResolution: 128
  m_ReflectionBounces: 1
  m_ReflectionIntensity: 1
  m_CustomReflection: {fileID: 0}
  m_Sun: {fileID: 705507994}
  m_IndirectSpecularColor: {r: 0, g: 0, b: 0, a: 1}
  m_UseRadianceAmbientProbe: 0
--- !u!157 &3
LightmapSettings:
  m_ObjectHideFlags: 0
  serializedVersion: 11
  m_GIWorkflowMode: 1
  m_GISettings:
    serializedVersion: 2
    m_BounceScale: 1
    m_IndirectOutputScale: 1
    m_AlbedoBoost: 1
    m_EnvironmentLightingMode: 0
    m_EnableBakedLightmaps: 1
    m_EnableRealtimeLightmaps: 0
  m_LightmapEditorSettings:
    serializedVersion: 12
    m_Resolution: 2
    m_BakeResolution: 40
    m_AtlasSize: 1024
    m_AO: 0
    m_AOMaxDistance: 1
    m_CompAOExponent: 1
    m_CompAOExponentDirect: 0
    m_ExtractAmbientOcclusion: 0
    m_Padding: 2
    m_LightmapParameters: {fileID: 0}
    m_LightmapsBakeMode: 1
    m_TextureCompression: 1
    m_FinalGather: 0
    m_FinalGatherFiltering: 1
    m_FinalGatherRayCount: 256
    m_ReflectionCompression: 2
    m_MixedBakeMode: 2
    m_BakeBackend: 1
    m_PVRSampling: 1
    m_PVRDirectSampleCount: 32
    m_PVRSampleCount: 500
    m_PVRBounces: 2
    m_PVREnvironmentSampleCount: 500
    m_PVREnvironmentReferencePointCount: 2048
    m_PVRFilteringMode: 2
    m_PVRDenoiserTypeDirect: 0
    m_PVRDenoiserTypeIndirect: 0
    m_PVRDenoiserTypeAO: 0
    m_PVRFilterTypeDirect: 0
    m_PVRFilterTypeIndirect: 0
    m_PVRFilterTypeAO: 0
    m_PVREnvironmentMIS: 0
    m_PVRCulling: 1
    m_PVRFilteringGaussRadiusDirect: 1
    m_PVRFilteringGaussRadiusIndirect: 5
    m_PVRFilteringGaussRadiusAO: 2
    m_PVRFilteringAtrousPositionSigmaDirect: 0.5
    m_PVRFilteringAtrousPositionSigmaIndirect: 2
    m_PVRFilteringAtrousPositionSigmaAO: 1
    m_ExportTrainingData: 0
    m_TrainingDataDestination: TrainingData
  m_LightingDataAsset: {fileID: 0}
  m_UseShadowmask: 1
--- !u!196 &4
NavMeshSettings:
  serializedVersion: 2
  m_ObjectHideFlags: 0
  m_BuildSettings:
    serializedVersion: 2
    agentTypeID: 0
    agentRadius: 0.5
    agentHeight: 2
    agentSlope: 45
    agentClimb: 0.4
    ledgeDropHeight: 0
    maxJumpAcrossDistance: 0
    minRegionArea: 2
    manualCellSize: 0
    cellSize: 0.16666667
    manualTileSize: 0
    tileSize: 256
    accuratePlacement: 0
    debug:
      m_Flags: 0
  m_NavMeshData: {fileID: 0}
--- !u!1 &60030872
GameObject:
  m_ObjectHideFlags: 0
  m_CorrespondingSourceObject: {fileID: 0}
  m_PrefabInstance: {fileID: 0}
  m_PrefabAsset: {fileID: 0}
  serializedVersion: 6
  m_Component:
  - component: {fileID: 60030874}
  - component: {fileID: 60030873}
  m_Layer: 0
  m_Name: CameraPos
  m_TagString: Untagged
  m_Icon: {fileID: 0}
  m_NavMeshLayer: 0
  m_StaticEditorFlags: 0
  m_IsActive: 1
--- !u!114 &60030873
MonoBehaviour:
  m_ObjectHideFlags: 0
  m_CorrespondingSourceObject: {fileID: 0}
  m_PrefabInstance: {fileID: 0}
  m_PrefabAsset: {fileID: 0}
  m_GameObject: {fileID: 60030872}
  m_Enabled: 1
  m_EditorHideFlags: 0
  m_Script: {fileID: 11500000, guid: 83196e8513272114c96313e738e26054, type: 3}
  m_Name: 
  m_EditorClassIdentifier: 
  lockOn: 0
  fSpeed: 7
  mSpeed: 2
  player: {fileID: 0}
  lockOnPos: {fileID: 0}
  lockOnTarget: {fileID: 0}
  pivot: {fileID: 0}
  camPos: {fileID: 0}
  minAng: -35
  maxAng: 35
  lookAng: 0
  tiltAng: 0
--- !u!4 &60030874
Transform:
  m_ObjectHideFlags: 0
  m_CorrespondingSourceObject: {fileID: 0}
  m_PrefabInstance: {fileID: 0}
  m_PrefabAsset: {fileID: 0}
  m_GameObject: {fileID: 60030872}
  m_LocalRotation: {x: 0.038060196, y: -0, z: -0, w: 0.99927545}
  m_LocalPosition: {x: 8.35, y: 14.97, z: 0.34}
  m_LocalScale: {x: 1, y: 1, z: 1}
  m_Children:
  - {fileID: 1670360305}
  m_Father: {fileID: 0}
  m_RootOrder: 5
  m_LocalEulerAnglesHint: {x: 4.362, y: 0, z: 0}
--- !u!1001 &131788060
PrefabInstance:
  m_ObjectHideFlags: 0
  serializedVersion: 2
  m_Modification:
    m_TransformParent: {fileID: 0}
    m_Modifications:
    - target: {fileID: -927199367670048503, guid: abcf007f95b3a564bbd905978ce6b85f,
        type: 3}
      propertyPath: m_Name
      value: Enemy
      objectReference: {fileID: 0}
    - target: {fileID: -927199367670048503, guid: abcf007f95b3a564bbd905978ce6b85f,
        type: 3}
      propertyPath: m_IsActive
      value: 1
      objectReference: {fileID: 0}
    - target: {fileID: -6057140222963153312, guid: abcf007f95b3a564bbd905978ce6b85f,
        type: 3}
      propertyPath: m_Controller
      value: 
      objectReference: {fileID: 9100000, guid: 443efaaa988e38d47a7a8a4c07ec923b, type: 2}
    - target: {fileID: -6057140222963153312, guid: abcf007f95b3a564bbd905978ce6b85f,
        type: 3}
      propertyPath: m_ApplyRootMotion
      value: 0
      objectReference: {fileID: 0}
    - target: {fileID: -6057140222963153312, guid: abcf007f95b3a564bbd905978ce6b85f,
        type: 3}
      propertyPath: m_Enabled
      value: 1
      objectReference: {fileID: 0}
    - target: {fileID: -5928763895920146102, guid: abcf007f95b3a564bbd905978ce6b85f,
        type: 3}
      propertyPath: m_Materials.Array.data[0]
      value: 
      objectReference: {fileID: 2100000, guid: e17c958fa3aef9b46a9da5cf8a4b2387, type: 2}
    - target: {fileID: -5928763895920146102, guid: abcf007f95b3a564bbd905978ce6b85f,
        type: 3}
      propertyPath: m_Materials.Array.data[1]
      value: 
      objectReference: {fileID: 2100000, guid: 5925b92772781e641b69402ab0fb2272, type: 2}
    - target: {fileID: -4431429744085825124, guid: abcf007f95b3a564bbd905978ce6b85f,
        type: 3}
      propertyPath: m_RootOrder
      value: 2
      objectReference: {fileID: 0}
    - target: {fileID: -4216859302048453862, guid: abcf007f95b3a564bbd905978ce6b85f,
        type: 3}
      propertyPath: m_LocalPosition.x
      value: -0.058043
      objectReference: {fileID: 0}
    - target: {fileID: -4216859302048453862, guid: abcf007f95b3a564bbd905978ce6b85f,
        type: 3}
      propertyPath: m_LocalPosition.y
      value: 0.07
      objectReference: {fileID: 0}
    - target: {fileID: -4216859302048453862, guid: abcf007f95b3a564bbd905978ce6b85f,
        type: 3}
      propertyPath: m_LocalPosition.z
      value: 29.38
      objectReference: {fileID: 0}
    - target: {fileID: -4216859302048453862, guid: abcf007f95b3a564bbd905978ce6b85f,
        type: 3}
      propertyPath: m_LocalRotation.x
      value: -0
      objectReference: {fileID: 0}
    - target: {fileID: -4216859302048453862, guid: abcf007f95b3a564bbd905978ce6b85f,
        type: 3}
      propertyPath: m_LocalRotation.y
      value: -0
      objectReference: {fileID: 0}
    - target: {fileID: -4216859302048453862, guid: abcf007f95b3a564bbd905978ce6b85f,
        type: 3}
      propertyPath: m_LocalRotation.z
      value: -0
      objectReference: {fileID: 0}
    - target: {fileID: -4216859302048453862, guid: abcf007f95b3a564bbd905978ce6b85f,
        type: 3}
      propertyPath: m_LocalRotation.w
      value: 1
      objectReference: {fileID: 0}
    - target: {fileID: -4216859302048453862, guid: abcf007f95b3a564bbd905978ce6b85f,
        type: 3}
      propertyPath: m_RootOrder
      value: 3
      objectReference: {fileID: 0}
    - target: {fileID: -4216859302048453862, guid: abcf007f95b3a564bbd905978ce6b85f,
        type: 3}
      propertyPath: m_LocalEulerAnglesHint.x
      value: 0
      objectReference: {fileID: 0}
    - target: {fileID: -4216859302048453862, guid: abcf007f95b3a564bbd905978ce6b85f,
        type: 3}
      propertyPath: m_LocalEulerAnglesHint.y
      value: 0
      objectReference: {fileID: 0}
    - target: {fileID: -4216859302048453862, guid: abcf007f95b3a564bbd905978ce6b85f,
        type: 3}
      propertyPath: m_LocalEulerAnglesHint.z
      value: 0
      objectReference: {fileID: 0}
    - target: {fileID: -4216859302048453862, guid: abcf007f95b3a564bbd905978ce6b85f,
        type: 3}
      propertyPath: m_LocalScale.x
      value: 5.9844146
      objectReference: {fileID: 0}
    - target: {fileID: -4216859302048453862, guid: abcf007f95b3a564bbd905978ce6b85f,
        type: 3}
      propertyPath: m_LocalScale.y
      value: 5.9844146
      objectReference: {fileID: 0}
    - target: {fileID: -4216859302048453862, guid: abcf007f95b3a564bbd905978ce6b85f,
        type: 3}
      propertyPath: m_LocalScale.z
      value: 5.9844146
      objectReference: {fileID: 0}
    m_RemovedComponents: []
  m_SourcePrefab: {fileID: 100100000, guid: abcf007f95b3a564bbd905978ce6b85f, type: 3}
--- !u!1 &213328885 stripped
GameObject:
  m_CorrespondingSourceObject: {fileID: -927199367670048503, guid: 2e0c7d1ed6b37de42866bf0302113bc0,
    type: 3}
  m_PrefabInstance: {fileID: 1824703291}
  m_PrefabAsset: {fileID: 0}
--- !u!4 &213328886 stripped
Transform:
  m_CorrespondingSourceObject: {fileID: -4216859302048453862, guid: 2e0c7d1ed6b37de42866bf0302113bc0,
    type: 3}
  m_PrefabInstance: {fileID: 1824703291}
  m_PrefabAsset: {fileID: 0}
--- !u!114 &213328889
MonoBehaviour:
  m_ObjectHideFlags: 0
  m_CorrespondingSourceObject: {fileID: 0}
  m_PrefabInstance: {fileID: 0}
  m_PrefabAsset: {fileID: 0}
  m_GameObject: {fileID: 213328885}
  m_Enabled: 1
  m_EditorHideFlags: 0
  m_Script: {fileID: 11500000, guid: 3f95bd20ced999e4faff7435e7caddce, type: 3}
  m_Name: 
  m_EditorClassIdentifier: 
  damageCollider:
  - {fileID: 1344076711}
--- !u!1 &216585621
GameObject:
  m_ObjectHideFlags: 0
  m_CorrespondingSourceObject: {fileID: 0}
  m_PrefabInstance: {fileID: 0}
  m_PrefabAsset: {fileID: 0}
  serializedVersion: 6
  m_Component:
  - component: {fileID: 216585622}
  m_Layer: 0
  m_Name: CameraPos
  m_TagString: Untagged
  m_Icon: {fileID: 0}
  m_NavMeshLayer: 0
  m_StaticEditorFlags: 0
  m_IsActive: 1
--- !u!4 &216585622
Transform:
  m_ObjectHideFlags: 0
  m_CorrespondingSourceObject: {fileID: 0}
  m_PrefabInstance: {fileID: 0}
  m_PrefabAsset: {fileID: 0}
  m_GameObject: {fileID: 216585621}
  m_LocalRotation: {x: 0, y: 0, z: 0, w: 1}
  m_LocalPosition: {x: 0, y: 0, z: 0}
  m_LocalScale: {x: 1, y: 1, z: 1}
  m_Children: []
  m_Father: {fileID: 664869566}
  m_RootOrder: 3
  m_LocalEulerAnglesHint: {x: 0, y: 0, z: 0}
--- !u!1 &356382731 stripped
GameObject:
  m_CorrespondingSourceObject: {fileID: -927199367670048503, guid: abcf007f95b3a564bbd905978ce6b85f,
    type: 3}
  m_PrefabInstance: {fileID: 368233870}
  m_PrefabAsset: {fileID: 0}
--- !u!136 &356382732
CapsuleCollider:
  m_ObjectHideFlags: 0
  m_CorrespondingSourceObject: {fileID: 0}
  m_PrefabInstance: {fileID: 0}
  m_PrefabAsset: {fileID: 0}
  m_GameObject: {fileID: 356382731}
  m_Material: {fileID: 0}
  m_IsTrigger: 0
  m_Enabled: 1
  m_Radius: 0.5
  m_Height: 1
  m_Direction: 1
  m_Center: {x: 0, y: 1.15, z: 0}
--- !u!4 &356382734 stripped
Transform:
  m_CorrespondingSourceObject: {fileID: -4216859302048453862, guid: abcf007f95b3a564bbd905978ce6b85f,
    type: 3}
  m_PrefabInstance: {fileID: 368233870}
  m_PrefabAsset: {fileID: 0}
--- !u!1001 &368233870
PrefabInstance:
  m_ObjectHideFlags: 0
  serializedVersion: 2
  m_Modification:
    m_TransformParent: {fileID: 1977234713}
    m_Modifications:
    - target: {fileID: -927199367670048503, guid: abcf007f95b3a564bbd905978ce6b85f,
        type: 3}
      propertyPath: m_Name
      value: Big Enemy
      objectReference: {fileID: 0}
    - target: {fileID: -6057140222963153312, guid: abcf007f95b3a564bbd905978ce6b85f,
        type: 3}
      propertyPath: m_Controller
      value: 
      objectReference: {fileID: 9100000, guid: 443efaaa988e38d47a7a8a4c07ec923b, type: 2}
    - target: {fileID: -6057140222963153312, guid: abcf007f95b3a564bbd905978ce6b85f,
        type: 3}
      propertyPath: m_ApplyRootMotion
      value: 0
      objectReference: {fileID: 0}
    - target: {fileID: -6057140222963153312, guid: abcf007f95b3a564bbd905978ce6b85f,
        type: 3}
      propertyPath: m_Enabled
      value: 1
      objectReference: {fileID: 0}
    - target: {fileID: -5928763895920146102, guid: abcf007f95b3a564bbd905978ce6b85f,
        type: 3}
      propertyPath: m_Materials.Array.data[0]
      value: 
      objectReference: {fileID: 2100000, guid: e17c958fa3aef9b46a9da5cf8a4b2387, type: 2}
    - target: {fileID: -5928763895920146102, guid: abcf007f95b3a564bbd905978ce6b85f,
        type: 3}
      propertyPath: m_Materials.Array.data[1]
      value: 
      objectReference: {fileID: 2100000, guid: 5925b92772781e641b69402ab0fb2272, type: 2}
    - target: {fileID: -4431429744085825124, guid: abcf007f95b3a564bbd905978ce6b85f,
        type: 3}
      propertyPath: m_RootOrder
      value: 2
      objectReference: {fileID: 0}
    - target: {fileID: -4216859302048453862, guid: abcf007f95b3a564bbd905978ce6b85f,
        type: 3}
      propertyPath: m_LocalPosition.x
      value: 0
      objectReference: {fileID: 0}
    - target: {fileID: -4216859302048453862, guid: abcf007f95b3a564bbd905978ce6b85f,
        type: 3}
      propertyPath: m_LocalPosition.y
      value: -0.026
      objectReference: {fileID: 0}
    - target: {fileID: -4216859302048453862, guid: abcf007f95b3a564bbd905978ce6b85f,
        type: 3}
      propertyPath: m_LocalPosition.z
      value: 0
      objectReference: {fileID: 0}
    - target: {fileID: -4216859302048453862, guid: abcf007f95b3a564bbd905978ce6b85f,
        type: 3}
      propertyPath: m_LocalRotation.x
      value: 0
      objectReference: {fileID: 0}
    - target: {fileID: -4216859302048453862, guid: abcf007f95b3a564bbd905978ce6b85f,
        type: 3}
      propertyPath: m_LocalRotation.y
      value: 0
      objectReference: {fileID: 0}
    - target: {fileID: -4216859302048453862, guid: abcf007f95b3a564bbd905978ce6b85f,
        type: 3}
      propertyPath: m_LocalRotation.z
      value: 0
      objectReference: {fileID: 0}
    - target: {fileID: -4216859302048453862, guid: abcf007f95b3a564bbd905978ce6b85f,
        type: 3}
      propertyPath: m_LocalRotation.w
      value: 1
      objectReference: {fileID: 0}
    - target: {fileID: -4216859302048453862, guid: abcf007f95b3a564bbd905978ce6b85f,
        type: 3}
      propertyPath: m_RootOrder
      value: 0
      objectReference: {fileID: 0}
    - target: {fileID: -4216859302048453862, guid: abcf007f95b3a564bbd905978ce6b85f,
        type: 3}
      propertyPath: m_LocalEulerAnglesHint.x
      value: 0
      objectReference: {fileID: 0}
    - target: {fileID: -4216859302048453862, guid: abcf007f95b3a564bbd905978ce6b85f,
        type: 3}
      propertyPath: m_LocalEulerAnglesHint.y
      value: 0
      objectReference: {fileID: 0}
    - target: {fileID: -4216859302048453862, guid: abcf007f95b3a564bbd905978ce6b85f,
        type: 3}
      propertyPath: m_LocalEulerAnglesHint.z
      value: 0
      objectReference: {fileID: 0}
    - target: {fileID: -4216859302048453862, guid: abcf007f95b3a564bbd905978ce6b85f,
        type: 3}
      propertyPath: m_LocalScale.x
      value: 1
      objectReference: {fileID: 0}
    - target: {fileID: -4216859302048453862, guid: abcf007f95b3a564bbd905978ce6b85f,
        type: 3}
      propertyPath: m_LocalScale.y
      value: 1
      objectReference: {fileID: 0}
    - target: {fileID: -4216859302048453862, guid: abcf007f95b3a564bbd905978ce6b85f,
        type: 3}
      propertyPath: m_LocalScale.z
      value: 1
      objectReference: {fileID: 0}
    m_RemovedComponents: []
  m_SourcePrefab: {fileID: 100100000, guid: abcf007f95b3a564bbd905978ce6b85f, type: 3}
--- !u!4 &392321945 stripped
Transform:
  m_CorrespondingSourceObject: {fileID: -7592558355049508510, guid: abcf007f95b3a564bbd905978ce6b85f,
    type: 3}
  m_PrefabInstance: {fileID: 131788060}
  m_PrefabAsset: {fileID: 0}
--- !u!1 &419241772
GameObject:
  m_ObjectHideFlags: 0
  m_CorrespondingSourceObject: {fileID: 0}
  m_PrefabInstance: {fileID: 0}
  m_PrefabAsset: {fileID: 0}
  serializedVersion: 6
  m_Component:
  - component: {fileID: 419241777}
  - component: {fileID: 419241776}
  - component: {fileID: 419241775}
  - component: {fileID: 419241774}
  - component: {fileID: 419241773}
  - component: {fileID: 419241779}
  - component: {fileID: 419241778}
  m_Layer: 0
  m_Name: Controller
  m_TagString: Untagged
  m_Icon: {fileID: 0}
  m_NavMeshLayer: 0
  m_StaticEditorFlags: 0
  m_IsActive: 1
--- !u!114 &419241773
MonoBehaviour:
  m_ObjectHideFlags: 0
  m_CorrespondingSourceObject: {fileID: 0}
  m_PrefabInstance: {fileID: 0}
  m_PrefabAsset: {fileID: 0}
  m_GameObject: {fileID: 419241772}
  m_Enabled: 1
  m_EditorHideFlags: 0
  m_Script: {fileID: 11500000, guid: 0b1a37051ca1b2543b093aad92bf395c, type: 3}
  m_Name: 
  m_EditorClassIdentifier: 
  currPlayer: {fileID: 0}
  inputV: 0
  inputH: 0
  mCount: 0
  mDirection: {x: 0, y: 0, z: 0}
  rt: 0
  rtb: 0
  lt: 0
  lb: 0
  itemInput: 0
  rollInput: 0
  mSpeed: 5
  rSpeed: 8
  delta: 0
  rotSpeed: 8
  groundDist: 0.5
  rollSpeed: 1
  grounded: 1
  run: 0
  lockOn: 0
  onAction: 0
  canMove: 0
  useItem: 0
  enemy: {fileID: 1977234714}
  enemyTransform: {fileID: 1977234713}
  anim: {fileID: 0}
  rb: {fileID: 0}
  animPlayer: {fileID: 0}
  actionController: {fileID: 0}
  inventoryManager: {fileID: 0}
  ignoreLayers:
    serializedVersion: 2
    m_Bits: 0
--- !u!114 &419241774
MonoBehaviour:
  m_ObjectHideFlags: 0
  m_CorrespondingSourceObject: {fileID: 0}
  m_PrefabInstance: {fileID: 0}
  m_PrefabAsset: {fileID: 0}
  m_GameObject: {fileID: 419241772}
  m_Enabled: 1
  m_EditorHideFlags: 0
  m_Script: {fileID: 11500000, guid: 19292e468a404c44a9b4e2b55cfda57a, type: 3}
  m_Name: 
  m_EditorClassIdentifier: 
--- !u!54 &419241775
Rigidbody:
  m_ObjectHideFlags: 0
  m_CorrespondingSourceObject: {fileID: 0}
  m_PrefabInstance: {fileID: 0}
  m_PrefabAsset: {fileID: 0}
  m_GameObject: {fileID: 419241772}
  serializedVersion: 2
  m_Mass: 1
  m_Drag: 0
  m_AngularDrag: 0.05
  m_UseGravity: 1
  m_IsKinematic: 0
  m_Interpolate: 0
  m_Constraints: 80
  m_CollisionDetection: 0
--- !u!136 &419241776
CapsuleCollider:
  m_ObjectHideFlags: 0
  m_CorrespondingSourceObject: {fileID: 0}
  m_PrefabInstance: {fileID: 0}
  m_PrefabAsset: {fileID: 0}
  m_GameObject: {fileID: 419241772}
  m_Material: {fileID: 0}
  m_IsTrigger: 0
  m_Enabled: 1
  m_Radius: 0.3
  m_Height: 1
  m_Direction: 1
  m_Center: {x: 0, y: 1, z: 0}
--- !u!4 &419241777
Transform:
  m_ObjectHideFlags: 0
  m_CorrespondingSourceObject: {fileID: 0}
  m_PrefabInstance: {fileID: 0}
  m_PrefabAsset: {fileID: 0}
  m_GameObject: {fileID: 419241772}
  m_LocalRotation: {x: 0, y: 0, z: 0, w: 1}
  m_LocalPosition: {x: 8.35, y: 13.26, z: 3.7099998}
  m_LocalScale: {x: 1, y: 1, z: 1}
  m_Children:
  - {fileID: 2113572033}
  m_Father: {fileID: 0}
  m_RootOrder: 4
  m_LocalEulerAnglesHint: {x: 0, y: 0, z: 0}
--- !u!114 &419241778
MonoBehaviour:
  m_ObjectHideFlags: 0
  m_CorrespondingSourceObject: {fileID: 0}
  m_PrefabInstance: {fileID: 0}
  m_PrefabAsset: {fileID: 0}
  m_GameObject: {fileID: 419241772}
  m_Enabled: 1
  m_EditorHideFlags: 0
  m_Script: {fileID: 11500000, guid: 93b6fb4770a1e6f46a06db25262c78b2, type: 3}
  m_Name: 
  m_EditorClassIdentifier: 
  currentWeapon:
    actions:
    - input: 0
      currentAnim: Attack
    - input: 1
      currentAnim: Slash
    - input: 2
      currentAnim: POWERUP
    thActions:
    - input: 0
      currentAnim: TH_ATTACK
    - input: 2
      currentAnim: POWERUP
    weaponModel: {fileID: 213328885}
    weaponController: {fileID: 213328889}
--- !u!114 &419241779
MonoBehaviour:
  m_ObjectHideFlags: 0
  m_CorrespondingSourceObject: {fileID: 0}
  m_PrefabInstance: {fileID: 0}
  m_PrefabAsset: {fileID: 0}
  m_GameObject: {fileID: 419241772}
  m_Enabled: 1
  m_EditorHideFlags: 0
  m_Script: {fileID: 11500000, guid: 61eb80fdcfbb7554ebe7641e7677e00d, type: 3}
  m_Name: 
  m_EditorClassIdentifier: 
  slots:
  - input: 0
    currentAnim: 
  - input: 1
    currentAnim: 
  - input: 2
    currentAnim: 
  - input: 3
    currentAnim: 
  consumable:
    currentAnim: cast0
    itemId: 
--- !u!1 &493547228
GameObject:
  m_ObjectHideFlags: 0
  m_CorrespondingSourceObject: {fileID: 0}
  m_PrefabInstance: {fileID: 0}
  m_PrefabAsset: {fileID: 0}
  serializedVersion: 6
  m_Component:
  - component: {fileID: 493547229}
  m_Layer: 0
  m_Name: Target (1)
  m_TagString: Untagged
  m_Icon: {fileID: 0}
  m_NavMeshLayer: 0
  m_StaticEditorFlags: 0
  m_IsActive: 1
--- !u!4 &493547229
Transform:
  m_ObjectHideFlags: 0
  m_CorrespondingSourceObject: {fileID: 0}
  m_PrefabInstance: {fileID: 0}
  m_PrefabAsset: {fileID: 0}
  m_GameObject: {fileID: 493547228}
  m_LocalRotation: {x: 0, y: 0, z: 0, w: 1}
  m_LocalPosition: {x: 0, y: 0, z: 0}
  m_LocalScale: {x: 1, y: 1, z: 1}
  m_Children: []
  m_Father: {fileID: 1099787907}
  m_RootOrder: 1
  m_LocalEulerAnglesHint: {x: 0, y: 0, z: 0}
--- !u!1 &641065787
GameObject:
  m_ObjectHideFlags: 0
  m_CorrespondingSourceObject: {fileID: 0}
  m_PrefabInstance: {fileID: 0}
  m_PrefabAsset: {fileID: 0}
  serializedVersion: 6
  m_Component:
  - component: {fileID: 641065791}
  - component: {fileID: 641065790}
  - component: {fileID: 641065789}
  - component: {fileID: 641065788}
  m_Layer: 0
  m_Name: Capsule
  m_TagString: Untagged
  m_Icon: {fileID: 0}
  m_NavMeshLayer: 0
  m_StaticEditorFlags: 0
  m_IsActive: 1
--- !u!136 &641065788
CapsuleCollider:
  m_ObjectHideFlags: 0
  m_CorrespondingSourceObject: {fileID: 0}
  m_PrefabInstance: {fileID: 0}
  m_PrefabAsset: {fileID: 0}
  m_GameObject: {fileID: 641065787}
  m_Material: {fileID: 0}
  m_IsTrigger: 0
  m_Enabled: 1
  m_Radius: 0.5
  m_Height: 2
  m_Direction: 1
  m_Center: {x: 0, y: 0, z: 0}
--- !u!23 &641065789
MeshRenderer:
  m_ObjectHideFlags: 0
  m_CorrespondingSourceObject: {fileID: 0}
  m_PrefabInstance: {fileID: 0}
  m_PrefabAsset: {fileID: 0}
  m_GameObject: {fileID: 641065787}
  m_Enabled: 1
  m_CastShadows: 1
  m_ReceiveShadows: 1
  m_DynamicOccludee: 1
  m_MotionVectors: 1
  m_LightProbeUsage: 1
  m_ReflectionProbeUsage: 1
  m_RenderingLayerMask: 1
  m_RendererPriority: 0
  m_Materials:
  - {fileID: 10303, guid: 0000000000000000f000000000000000, type: 0}
  m_StaticBatchInfo:
    firstSubMesh: 0
    subMeshCount: 0
  m_StaticBatchRoot: {fileID: 0}
  m_ProbeAnchor: {fileID: 0}
  m_LightProbeVolumeOverride: {fileID: 0}
  m_ScaleInLightmap: 1
  m_ReceiveGI: 1
  m_PreserveUVs: 0
  m_IgnoreNormalsForChartDetection: 0
  m_ImportantGI: 0
  m_StitchLightmapSeams: 1
  m_SelectedEditorRenderState: 3
  m_MinimumChartSize: 4
  m_AutoUVMaxDistance: 0.5
  m_AutoUVMaxAngle: 89
  m_LightmapParameters: {fileID: 0}
  m_SortingLayerID: 0
  m_SortingLayer: 0
  m_SortingOrder: 0
--- !u!33 &641065790
MeshFilter:
  m_ObjectHideFlags: 0
  m_CorrespondingSourceObject: {fileID: 0}
  m_PrefabInstance: {fileID: 0}
  m_PrefabAsset: {fileID: 0}
  m_GameObject: {fileID: 641065787}
  m_Mesh: {fileID: 10208, guid: 0000000000000000e000000000000000, type: 0}
--- !u!4 &641065791
Transform:
  m_ObjectHideFlags: 0
  m_CorrespondingSourceObject: {fileID: 0}
  m_PrefabInstance: {fileID: 0}
  m_PrefabAsset: {fileID: 0}
  m_GameObject: {fileID: 641065787}
  m_LocalRotation: {x: 0, y: 0, z: 0, w: 1}
  m_LocalPosition: {x: -1.066544, y: 0.7075145, z: 3.57}
  m_LocalScale: {x: 1, y: 1, z: 1}
  m_Children: []
  m_Father: {fileID: 0}
  m_RootOrder: 2
  m_LocalEulerAnglesHint: {x: 0, y: 0, z: 0}
--- !u!4 &664869566 stripped
Transform:
  m_CorrespondingSourceObject: {fileID: -4216859302048453862, guid: abcf007f95b3a564bbd905978ce6b85f,
    type: 3}
  m_PrefabInstance: {fileID: 131788060}
  m_PrefabAsset: {fileID: 0}
--- !u!1 &705507993
GameObject:
  m_ObjectHideFlags: 0
  m_CorrespondingSourceObject: {fileID: 0}
  m_PrefabInstance: {fileID: 0}
  m_PrefabAsset: {fileID: 0}
  serializedVersion: 6
  m_Component:
  - component: {fileID: 705507995}
  - component: {fileID: 705507994}
  m_Layer: 0
  m_Name: Directional Light
  m_TagString: Untagged
  m_Icon: {fileID: 0}
  m_NavMeshLayer: 0
  m_StaticEditorFlags: 0
  m_IsActive: 1
--- !u!108 &705507994
Light:
  m_ObjectHideFlags: 0
  m_CorrespondingSourceObject: {fileID: 0}
  m_PrefabInstance: {fileID: 0}
  m_PrefabAsset: {fileID: 0}
  m_GameObject: {fileID: 705507993}
  m_Enabled: 1
  serializedVersion: 9
  m_Type: 1
  m_Color: {r: 1, g: 0.95686275, b: 0.8392157, a: 1}
  m_Intensity: 1
  m_Range: 10
  m_SpotAngle: 30
  m_InnerSpotAngle: 21.80208
  m_CookieSize: 10
  m_Shadows:
    m_Type: 2
    m_Resolution: -1
    m_CustomResolution: -1
    m_Strength: 1
    m_Bias: 0.05
    m_NormalBias: 0.4
    m_NearPlane: 0.2
    m_CullingMatrixOverride:
      e00: 1
      e01: 0
      e02: 0
      e03: 0
      e10: 0
      e11: 1
      e12: 0
      e13: 0
      e20: 0
      e21: 0
      e22: 1
      e23: 0
      e30: 0
      e31: 0
      e32: 0
      e33: 1
    m_UseCullingMatrixOverride: 0
  m_Cookie: {fileID: 0}
  m_DrawHalo: 0
  m_Flare: {fileID: 0}
  m_RenderMode: 0
  m_CullingMask:
    serializedVersion: 2
    m_Bits: 4294967295
  m_RenderingLayerMask: 1
  m_Lightmapping: 1
  m_LightShadowCasterMode: 0
  m_AreaSize: {x: 1, y: 1}
  m_BounceIntensity: 1
  m_ColorTemperature: 6570
  m_UseColorTemperature: 0
  m_BoundingSphereOverride: {x: 0, y: 0.0000000027068836, z: 0.0000000027082476, w: 0.0000000027100098}
  m_UseBoundingSphereOverride: 0
  m_ShadowRadius: 0
  m_ShadowAngle: 0
--- !u!4 &705507995
Transform:
  m_ObjectHideFlags: 0
  m_CorrespondingSourceObject: {fileID: 0}
  m_PrefabInstance: {fileID: 0}
  m_PrefabAsset: {fileID: 0}
  m_GameObject: {fileID: 705507993}
  m_LocalRotation: {x: 0.40821788, y: -0.23456968, z: 0.10938163, w: 0.8754261}
  m_LocalPosition: {x: 0, y: 3, z: 0}
  m_LocalScale: {x: 1, y: 1, z: 1}
  m_Children: []
  m_Father: {fileID: 0}
  m_RootOrder: 0
  m_LocalEulerAnglesHint: {x: 50, y: -30, z: 0}
--- !u!4 &874718843 stripped
Transform:
  m_CorrespondingSourceObject: {fileID: -3220319501169496967, guid: abcf007f95b3a564bbd905978ce6b85f,
    type: 3}
  m_PrefabInstance: {fileID: 1965895393}
  m_PrefabAsset: {fileID: 0}
--- !u!1 &963194225
GameObject:
  m_ObjectHideFlags: 0
  m_CorrespondingSourceObject: {fileID: 0}
  m_PrefabInstance: {fileID: 0}
  m_PrefabAsset: {fileID: 0}
  serializedVersion: 6
  m_Component:
  - component: {fileID: 963194228}
  - component: {fileID: 963194227}
  - component: {fileID: 963194226}
  m_Layer: 0
  m_Name: Main Camera
  m_TagString: MainCamera
  m_Icon: {fileID: 0}
  m_NavMeshLayer: 0
  m_StaticEditorFlags: 0
  m_IsActive: 1
--- !u!81 &963194226
AudioListener:
  m_ObjectHideFlags: 0
  m_CorrespondingSourceObject: {fileID: 0}
  m_PrefabInstance: {fileID: 0}
  m_PrefabAsset: {fileID: 0}
  m_GameObject: {fileID: 963194225}
  m_Enabled: 1
--- !u!20 &963194227
Camera:
  m_ObjectHideFlags: 0
  m_CorrespondingSourceObject: {fileID: 0}
  m_PrefabInstance: {fileID: 0}
  m_PrefabAsset: {fileID: 0}
  m_GameObject: {fileID: 963194225}
  m_Enabled: 1
  serializedVersion: 2
  m_ClearFlags: 1
  m_BackGroundColor: {r: 0.19215687, g: 0.3019608, b: 0.4745098, a: 0}
  m_projectionMatrixMode: 1
  m_GateFitMode: 2
  m_FOVAxisMode: 0
  m_SensorSize: {x: 36, y: 24}
  m_LensShift: {x: 0, y: 0}
  m_FocalLength: 50
  m_NormalizedViewPortRect:
    serializedVersion: 2
    x: 0
    y: 0
    width: 1
    height: 1
  near clip plane: 0.3
  far clip plane: 1000
  field of view: 60
  orthographic: 0
  orthographic size: 5
  m_Depth: -1
  m_CullingMask:
    serializedVersion: 2
    m_Bits: 4294967295
  m_RenderingPath: -1
  m_TargetTexture: {fileID: 0}
  m_TargetDisplay: 0
  m_TargetEye: 3
  m_HDR: 1
  m_AllowMSAA: 1
  m_AllowDynamicResolution: 0
  m_ForceIntoRT: 0
  m_OcclusionCulling: 1
  m_StereoConvergence: 10
  m_StereoSeparation: 0.022
--- !u!4 &963194228
Transform:
  m_ObjectHideFlags: 0
  m_CorrespondingSourceObject: {fileID: 0}
  m_PrefabInstance: {fileID: 0}
  m_PrefabAsset: {fileID: 0}
  m_GameObject: {fileID: 963194225}
  m_LocalRotation: {x: -0, y: -0, z: -0, w: 1}
  m_LocalPosition: {x: 0, y: 0, z: -1.39}
  m_LocalScale: {x: 1, y: 1, z: 1}
  m_Children: []
  m_Father: {fileID: 1670360305}
  m_RootOrder: 0
  m_LocalEulerAnglesHint: {x: 0, y: 0, z: 0}
--- !u!4 &1099787907 stripped
Transform:
  m_CorrespondingSourceObject: {fileID: 2963660786538088476, guid: abcf007f95b3a564bbd905978ce6b85f,
    type: 3}
  m_PrefabInstance: {fileID: 131788060}
  m_PrefabAsset: {fileID: 0}
--- !u!1001 &1137813431
PrefabInstance:
  m_ObjectHideFlags: 0
  serializedVersion: 2
  m_Modification:
    m_TransformParent: {fileID: 356382734}
    m_Modifications:
    - target: {fileID: -927199367670048503, guid: 2e0c7d1ed6b37de42866bf0302113bc0,
        type: 3}
      propertyPath: m_Name
      value: challenger_sword
      objectReference: {fileID: 0}
    - target: {fileID: -4216859302048453862, guid: 2e0c7d1ed6b37de42866bf0302113bc0,
        type: 3}
      propertyPath: m_LocalPosition.x
      value: -0.334
      objectReference: {fileID: 0}
    - target: {fileID: -4216859302048453862, guid: 2e0c7d1ed6b37de42866bf0302113bc0,
        type: 3}
      propertyPath: m_LocalPosition.y
      value: 0.126
      objectReference: {fileID: 0}
    - target: {fileID: -4216859302048453862, guid: 2e0c7d1ed6b37de42866bf0302113bc0,
        type: 3}
      propertyPath: m_LocalPosition.z
      value: 0.024
      objectReference: {fileID: 0}
    - target: {fileID: -4216859302048453862, guid: 2e0c7d1ed6b37de42866bf0302113bc0,
        type: 3}
      propertyPath: m_LocalRotation.x
      value: 0.50716907
      objectReference: {fileID: 0}
    - target: {fileID: -4216859302048453862, guid: 2e0c7d1ed6b37de42866bf0302113bc0,
        type: 3}
      propertyPath: m_LocalRotation.y
      value: 0.5002945
      objectReference: {fileID: 0}
    - target: {fileID: -4216859302048453862, guid: 2e0c7d1ed6b37de42866bf0302113bc0,
        type: 3}
      propertyPath: m_LocalRotation.z
      value: 0.49960282
      objectReference: {fileID: 0}
    - target: {fileID: -4216859302048453862, guid: 2e0c7d1ed6b37de42866bf0302113bc0,
        type: 3}
      propertyPath: m_LocalRotation.w
      value: 0.4928305
      objectReference: {fileID: 0}
    - target: {fileID: -4216859302048453862, guid: 2e0c7d1ed6b37de42866bf0302113bc0,
        type: 3}
      propertyPath: m_RootOrder
      value: 1
      objectReference: {fileID: 0}
    - target: {fileID: -4216859302048453862, guid: 2e0c7d1ed6b37de42866bf0302113bc0,
        type: 3}
      propertyPath: m_LocalEulerAnglesHint.x
      value: 0
      objectReference: {fileID: 0}
    - target: {fileID: -4216859302048453862, guid: 2e0c7d1ed6b37de42866bf0302113bc0,
        type: 3}
      propertyPath: m_LocalEulerAnglesHint.y
      value: 90.86101
      objectReference: {fileID: 0}
    - target: {fileID: -4216859302048453862, guid: 2e0c7d1ed6b37de42866bf0302113bc0,
        type: 3}
      propertyPath: m_LocalEulerAnglesHint.z
      value: 90.782005
      objectReference: {fileID: 0}
    m_RemovedComponents: []
  m_SourcePrefab: {fileID: 100100000, guid: 2e0c7d1ed6b37de42866bf0302113bc0, type: 3}
--- !u!1 &1188929715
GameObject:
  m_ObjectHideFlags: 0
  m_CorrespondingSourceObject: {fileID: 0}
  m_PrefabInstance: {fileID: 0}
  m_PrefabAsset: {fileID: 0}
  serializedVersion: 6
  m_Component:
  - component: {fileID: 1188929719}
  - component: {fileID: 1188929718}
  - component: {fileID: 1188929717}
  - component: {fileID: 1188929716}
  m_Layer: 0
  m_Name: Cube
  m_TagString: Untagged
  m_Icon: {fileID: 0}
  m_NavMeshLayer: 0
  m_StaticEditorFlags: 0
  m_IsActive: 1
--- !u!65 &1188929716
BoxCollider:
  m_ObjectHideFlags: 0
  m_CorrespondingSourceObject: {fileID: 0}
  m_PrefabInstance: {fileID: 0}
  m_PrefabAsset: {fileID: 0}
  m_GameObject: {fileID: 1188929715}
  m_Material: {fileID: 0}
  m_IsTrigger: 0
  m_Enabled: 1
  serializedVersion: 2
  m_Size: {x: 1, y: 1, z: 1}
  m_Center: {x: 0, y: 0, z: 0}
--- !u!23 &1188929717
MeshRenderer:
  m_ObjectHideFlags: 0
  m_CorrespondingSourceObject: {fileID: 0}
  m_PrefabInstance: {fileID: 0}
  m_PrefabAsset: {fileID: 0}
  m_GameObject: {fileID: 1188929715}
  m_Enabled: 1
  m_CastShadows: 1
  m_ReceiveShadows: 1
  m_DynamicOccludee: 1
  m_MotionVectors: 1
  m_LightProbeUsage: 1
  m_ReflectionProbeUsage: 1
  m_RenderingLayerMask: 1
  m_RendererPriority: 0
  m_Materials:
  - {fileID: 2100000, guid: 5925b92772781e641b69402ab0fb2272, type: 2}
  m_StaticBatchInfo:
    firstSubMesh: 0
    subMeshCount: 0
  m_StaticBatchRoot: {fileID: 0}
  m_ProbeAnchor: {fileID: 0}
  m_LightProbeVolumeOverride: {fileID: 0}
  m_ScaleInLightmap: 1
  m_ReceiveGI: 1
  m_PreserveUVs: 0
  m_IgnoreNormalsForChartDetection: 0
  m_ImportantGI: 0
  m_StitchLightmapSeams: 1
  m_SelectedEditorRenderState: 3
  m_MinimumChartSize: 4
  m_AutoUVMaxDistance: 0.5
  m_AutoUVMaxAngle: 89
  m_LightmapParameters: {fileID: 0}
  m_SortingLayerID: 0
  m_SortingLayer: 0
  m_SortingOrder: 0
--- !u!33 &1188929718
MeshFilter:
  m_ObjectHideFlags: 0
  m_CorrespondingSourceObject: {fileID: 0}
  m_PrefabInstance: {fileID: 0}
  m_PrefabAsset: {fileID: 0}
  m_GameObject: {fileID: 1188929715}
  m_Mesh: {fileID: 10202, guid: 0000000000000000e000000000000000, type: 0}
--- !u!4 &1188929719
Transform:
  m_ObjectHideFlags: 0
  m_CorrespondingSourceObject: {fileID: 0}
  m_PrefabInstance: {fileID: 0}
  m_PrefabAsset: {fileID: 0}
  m_GameObject: {fileID: 1188929715}
  m_LocalRotation: {x: 0, y: 0, z: 0, w: 1}
  m_LocalPosition: {x: -2.77, y: 0.7075145, z: 2.4924483}
  m_LocalScale: {x: 1, y: 1, z: 1}
  m_Children: []
  m_Father: {fileID: 0}
  m_RootOrder: 1
  m_LocalEulerAnglesHint: {x: 0, y: 0, z: 0}
--- !u!1 &1283380857
GameObject:
  m_ObjectHideFlags: 0
  m_CorrespondingSourceObject: {fileID: 0}
  m_PrefabInstance: {fileID: 0}
  m_PrefabAsset: {fileID: 0}
  serializedVersion: 6
  m_Component:
  - component: {fileID: 1283380858}
  m_Layer: 0
  m_Name: CameraPos
  m_TagString: Untagged
  m_Icon: {fileID: 0}
  m_NavMeshLayer: 0
  m_StaticEditorFlags: 0
  m_IsActive: 1
--- !u!4 &1283380858
Transform:
  m_ObjectHideFlags: 0
  m_CorrespondingSourceObject: {fileID: 0}
  m_PrefabInstance: {fileID: 0}
  m_PrefabAsset: {fileID: 0}
  m_GameObject: {fileID: 1283380857}
  m_LocalRotation: {x: 0, y: 0, z: 0, w: 1}
  m_LocalPosition: {x: 0, y: 0, z: 0}
  m_LocalScale: {x: 1, y: 1, z: 1}
  m_Children: []
  m_Father: {fileID: 356382734}
  m_RootOrder: 3
  m_LocalEulerAnglesHint: {x: 0, y: 0, z: 0}
--- !u!1 &1344076711
GameObject:
  m_ObjectHideFlags: 0
  m_CorrespondingSourceObject: {fileID: 0}
  m_PrefabInstance: {fileID: 0}
  m_PrefabAsset: {fileID: 0}
  serializedVersion: 6
  m_Component:
  - component: {fileID: 1344076714}
  - component: {fileID: 1344076713}
  - component: {fileID: 1344076712}
  m_Layer: 9
  m_Name: HitBox
  m_TagString: Untagged
  m_Icon: {fileID: 0}
  m_NavMeshLayer: 0
  m_StaticEditorFlags: 0
  m_IsActive: 1
--- !u!114 &1344076712
MonoBehaviour:
  m_ObjectHideFlags: 0
  m_CorrespondingSourceObject: {fileID: 0}
  m_PrefabInstance: {fileID: 0}
  m_PrefabAsset: {fileID: 0}
  m_GameObject: {fileID: 1344076711}
  m_Enabled: 1
  m_EditorHideFlags: 0
  m_Script: {fileID: 11500000, guid: 8d903af6428e2104ea8f784d59dd7667, type: 3}
  m_Name: 
  m_EditorClassIdentifier: 
--- !u!65 &1344076713
BoxCollider:
  m_ObjectHideFlags: 0
  m_CorrespondingSourceObject: {fileID: 0}
  m_PrefabInstance: {fileID: 0}
  m_PrefabAsset: {fileID: 0}
  m_GameObject: {fileID: 1344076711}
  m_Material: {fileID: 0}
  m_IsTrigger: 1
  m_Enabled: 1
  serializedVersion: 2
  m_Size: {x: 0.09932508, y: 0.03346968, z: 0.75197935}
  m_Center: {x: 0.0063089044, y: 0.121384874, z: -0.12401096}
--- !u!4 &1344076714
Transform:
  m_ObjectHideFlags: 0
  m_CorrespondingSourceObject: {fileID: 0}
  m_PrefabInstance: {fileID: 0}
  m_PrefabAsset: {fileID: 0}
  m_GameObject: {fileID: 1344076711}
  m_LocalRotation: {x: 0, y: 0, z: 0, w: 1}
  m_LocalPosition: {x: -0, y: -0.117, z: -0}
  m_LocalScale: {x: 1, y: 1, z: 1}
  m_Children: []
  m_Father: {fileID: 213328886}
  m_RootOrder: 0
  m_LocalEulerAnglesHint: {x: 0, y: 0, z: 0}
--- !u!1001 &1446428800
PrefabInstance:
  m_ObjectHideFlags: 0
  serializedVersion: 2
  m_Modification:
    m_TransformParent: {fileID: 664869566}
    m_Modifications:
    - target: {fileID: -927199367670048503, guid: 2e0c7d1ed6b37de42866bf0302113bc0,
        type: 3}
      propertyPath: m_Name
      value: challenger_sword
      objectReference: {fileID: 0}
    - target: {fileID: -4216859302048453862, guid: 2e0c7d1ed6b37de42866bf0302113bc0,
        type: 3}
      propertyPath: m_LocalPosition.x
      value: -0.334
      objectReference: {fileID: 0}
    - target: {fileID: -4216859302048453862, guid: 2e0c7d1ed6b37de42866bf0302113bc0,
        type: 3}
      propertyPath: m_LocalPosition.y
      value: 0.126
      objectReference: {fileID: 0}
    - target: {fileID: -4216859302048453862, guid: 2e0c7d1ed6b37de42866bf0302113bc0,
        type: 3}
      propertyPath: m_LocalPosition.z
      value: 0.024
      objectReference: {fileID: 0}
    - target: {fileID: -4216859302048453862, guid: 2e0c7d1ed6b37de42866bf0302113bc0,
        type: 3}
      propertyPath: m_LocalRotation.x
      value: 0.50716907
      objectReference: {fileID: 0}
    - target: {fileID: -4216859302048453862, guid: 2e0c7d1ed6b37de42866bf0302113bc0,
        type: 3}
      propertyPath: m_LocalRotation.y
      value: 0.5002945
      objectReference: {fileID: 0}
    - target: {fileID: -4216859302048453862, guid: 2e0c7d1ed6b37de42866bf0302113bc0,
        type: 3}
      propertyPath: m_LocalRotation.z
      value: 0.49960282
      objectReference: {fileID: 0}
    - target: {fileID: -4216859302048453862, guid: 2e0c7d1ed6b37de42866bf0302113bc0,
        type: 3}
      propertyPath: m_LocalRotation.w
      value: 0.4928305
      objectReference: {fileID: 0}
    - target: {fileID: -4216859302048453862, guid: 2e0c7d1ed6b37de42866bf0302113bc0,
        type: 3}
      propertyPath: m_RootOrder
      value: 1
      objectReference: {fileID: 0}
    - target: {fileID: -4216859302048453862, guid: 2e0c7d1ed6b37de42866bf0302113bc0,
        type: 3}
      propertyPath: m_LocalEulerAnglesHint.x
      value: 0
      objectReference: {fileID: 0}
    - target: {fileID: -4216859302048453862, guid: 2e0c7d1ed6b37de42866bf0302113bc0,
        type: 3}
      propertyPath: m_LocalEulerAnglesHint.y
      value: 90.86101
      objectReference: {fileID: 0}
    - target: {fileID: -4216859302048453862, guid: 2e0c7d1ed6b37de42866bf0302113bc0,
        type: 3}
      propertyPath: m_LocalEulerAnglesHint.z
      value: 90.782005
      objectReference: {fileID: 0}
    m_RemovedComponents: []
  m_SourcePrefab: {fileID: 100100000, guid: 2e0c7d1ed6b37de42866bf0302113bc0, type: 3}
--- !u!1 &1670360304
GameObject:
  m_ObjectHideFlags: 0
  m_CorrespondingSourceObject: {fileID: 0}
  m_PrefabInstance: {fileID: 0}
  m_PrefabAsset: {fileID: 0}
  serializedVersion: 6
  m_Component:
  - component: {fileID: 1670360305}
  m_Layer: 0
  m_Name: Pivot
  m_TagString: Untagged
  m_Icon: {fileID: 0}
  m_NavMeshLayer: 0
  m_StaticEditorFlags: 0
  m_IsActive: 1
--- !u!4 &1670360305
Transform:
  m_ObjectHideFlags: 0
  m_CorrespondingSourceObject: {fileID: 0}
  m_PrefabInstance: {fileID: 0}
  m_PrefabAsset: {fileID: 0}
  m_GameObject: {fileID: 1670360304}
  m_LocalRotation: {x: 0.08521875, y: -0, z: -0, w: 0.99636227}
  m_LocalPosition: {x: 0, y: 1.5570002, z: -0.00000010430813}
  m_LocalScale: {x: 1, y: 1, z: 1}
  m_Children:
  - {fileID: 963194228}
  m_Father: {fileID: 60030874}
  m_RootOrder: 0
  m_LocalEulerAnglesHint: {x: 9.777, y: 0, z: 0}
--- !u!1001 &1824703291
PrefabInstance:
  m_ObjectHideFlags: 0
  serializedVersion: 2
  m_Modification:
    m_TransformParent: {fileID: 874718843}
    m_Modifications:
    - target: {fileID: -927199367670048503, guid: 2e0c7d1ed6b37de42866bf0302113bc0,
        type: 3}
      propertyPath: m_Name
      value: challenger_sword
      objectReference: {fileID: 0}
    - target: {fileID: -4216859302048453862, guid: 2e0c7d1ed6b37de42866bf0302113bc0,
        type: 3}
      propertyPath: m_LocalPosition.x
      value: -0.27499992
      objectReference: {fileID: 0}
    - target: {fileID: -4216859302048453862, guid: 2e0c7d1ed6b37de42866bf0302113bc0,
        type: 3}
      propertyPath: m_LocalPosition.y
      value: 0.065999806
      objectReference: {fileID: 0}
    - target: {fileID: -4216859302048453862, guid: 2e0c7d1ed6b37de42866bf0302113bc0,
        type: 3}
      propertyPath: m_LocalPosition.z
      value: 0.0030003544
      objectReference: {fileID: 0}
    - target: {fileID: -4216859302048453862, guid: 2e0c7d1ed6b37de42866bf0302113bc0,
        type: 3}
      propertyPath: m_LocalRotation.x
      value: 0.48855934
      objectReference: {fileID: 0}
    - target: {fileID: -4216859302048453862, guid: 2e0c7d1ed6b37de42866bf0302113bc0,
        type: 3}
      propertyPath: m_LocalRotation.y
      value: 0.4923465
      objectReference: {fileID: 0}
    - target: {fileID: -4216859302048453862, guid: 2e0c7d1ed6b37de42866bf0302113bc0,
        type: 3}
      propertyPath: m_LocalRotation.z
      value: 0.591748
      objectReference: {fileID: 0}
    - target: {fileID: -4216859302048453862, guid: 2e0c7d1ed6b37de42866bf0302113bc0,
        type: 3}
      propertyPath: m_LocalRotation.w
      value: 0.41077852
      objectReference: {fileID: 0}
    - target: {fileID: -4216859302048453862, guid: 2e0c7d1ed6b37de42866bf0302113bc0,
        type: 3}
      propertyPath: m_RootOrder
      value: 5
      objectReference: {fileID: 0}
    - target: {fileID: -4216859302048453862, guid: 2e0c7d1ed6b37de42866bf0302113bc0,
        type: 3}
      propertyPath: m_LocalEulerAnglesHint.x
      value: -10.446
      objectReference: {fileID: 0}
    - target: {fileID: -4216859302048453862, guid: 2e0c7d1ed6b37de42866bf0302113bc0,
        type: 3}
      propertyPath: m_LocalEulerAnglesHint.y
      value: 87.797005
      objectReference: {fileID: 0}
    - target: {fileID: -4216859302048453862, guid: 2e0c7d1ed6b37de42866bf0302113bc0,
        type: 3}
      propertyPath: m_LocalEulerAnglesHint.z
      value: 100.411
      objectReference: {fileID: 0}
    m_RemovedComponents: []
  m_SourcePrefab: {fileID: 100100000, guid: 2e0c7d1ed6b37de42866bf0302113bc0, type: 3}
--- !u!1001 &1965895393
PrefabInstance:
  m_ObjectHideFlags: 0
  serializedVersion: 2
  m_Modification:
    m_TransformParent: {fileID: 419241777}
    m_Modifications:
    - target: {fileID: -927199367670048503, guid: abcf007f95b3a564bbd905978ce6b85f,
        type: 3}
      propertyPath: m_Name
      value: Player
      objectReference: {fileID: 0}
    - target: {fileID: -6057140222963153312, guid: abcf007f95b3a564bbd905978ce6b85f,
        type: 3}
      propertyPath: m_Controller
      value: 
      objectReference: {fileID: 9100000, guid: 443efaaa988e38d47a7a8a4c07ec923b, type: 2}
    - target: {fileID: -6057140222963153312, guid: abcf007f95b3a564bbd905978ce6b85f,
        type: 3}
      propertyPath: m_ApplyRootMotion
      value: 0
      objectReference: {fileID: 0}
    - target: {fileID: -4216859302048453862, guid: abcf007f95b3a564bbd905978ce6b85f,
        type: 3}
      propertyPath: m_LocalPosition.x
      value: 0
      objectReference: {fileID: 0}
    - target: {fileID: -4216859302048453862, guid: abcf007f95b3a564bbd905978ce6b85f,
        type: 3}
      propertyPath: m_LocalPosition.y
      value: 0
      objectReference: {fileID: 0}
    - target: {fileID: -4216859302048453862, guid: abcf007f95b3a564bbd905978ce6b85f,
        type: 3}
      propertyPath: m_LocalPosition.z
      value: 0
      objectReference: {fileID: 0}
    - target: {fileID: -4216859302048453862, guid: abcf007f95b3a564bbd905978ce6b85f,
        type: 3}
      propertyPath: m_LocalRotation.x
      value: 0
      objectReference: {fileID: 0}
    - target: {fileID: -4216859302048453862, guid: abcf007f95b3a564bbd905978ce6b85f,
        type: 3}
      propertyPath: m_LocalRotation.y
      value: 0
      objectReference: {fileID: 0}
    - target: {fileID: -4216859302048453862, guid: abcf007f95b3a564bbd905978ce6b85f,
        type: 3}
      propertyPath: m_LocalRotation.z
      value: 0
      objectReference: {fileID: 0}
    - target: {fileID: -4216859302048453862, guid: abcf007f95b3a564bbd905978ce6b85f,
        type: 3}
      propertyPath: m_LocalRotation.w
      value: 1
      objectReference: {fileID: 0}
    - target: {fileID: -4216859302048453862, guid: abcf007f95b3a564bbd905978ce6b85f,
        type: 3}
      propertyPath: m_RootOrder
      value: 0
      objectReference: {fileID: 0}
    - target: {fileID: -4216859302048453862, guid: abcf007f95b3a564bbd905978ce6b85f,
        type: 3}
      propertyPath: m_LocalEulerAnglesHint.x
      value: 0
      objectReference: {fileID: 0}
    - target: {fileID: -4216859302048453862, guid: abcf007f95b3a564bbd905978ce6b85f,
        type: 3}
      propertyPath: m_LocalEulerAnglesHint.y
      value: 0
      objectReference: {fileID: 0}
    - target: {fileID: -4216859302048453862, guid: abcf007f95b3a564bbd905978ce6b85f,
        type: 3}
      propertyPath: m_LocalEulerAnglesHint.z
      value: 0
      objectReference: {fileID: 0}
    m_RemovedComponents: []
  m_SourcePrefab: {fileID: 100100000, guid: abcf007f95b3a564bbd905978ce6b85f, type: 3}
--- !u!1 &1977234712
GameObject:
  m_ObjectHideFlags: 0
  m_CorrespondingSourceObject: {fileID: 0}
  m_PrefabInstance: {fileID: 0}
  m_PrefabAsset: {fileID: 0}
  serializedVersion: 6
  m_Component:
  - component: {fileID: 1977234713}
  - component: {fileID: 1977234715}
  - component: {fileID: 1977234714}
  m_Layer: 0
  m_Name: EnemyController
  m_TagString: Untagged
  m_Icon: {fileID: 0}
  m_NavMeshLayer: 0
  m_StaticEditorFlags: 0
  m_IsActive: 1
--- !u!4 &1977234713
Transform:
  m_ObjectHideFlags: 0
  m_CorrespondingSourceObject: {fileID: 0}
  m_PrefabInstance: {fileID: 0}
  m_PrefabAsset: {fileID: 0}
  m_GameObject: {fileID: 1977234712}
  m_LocalRotation: {x: 0, y: 0, z: 0, w: 1}
  m_LocalPosition: {x: -2.951312, y: -0.2, z: -29.05448}
  m_LocalScale: {x: 1, y: 1, z: 1}
  m_Children:
  - {fileID: 356382734}
  m_Father: {fileID: 0}
  m_RootOrder: 6
  m_LocalEulerAnglesHint: {x: 0, y: 0, z: 0}
--- !u!114 &1977234714
MonoBehaviour:
  m_ObjectHideFlags: 0
  m_CorrespondingSourceObject: {fileID: 0}
  m_PrefabInstance: {fileID: 0}
  m_PrefabAsset: {fileID: 0}
  m_GameObject: {fileID: 1977234712}
  m_Enabled: 1
  m_EditorHideFlags: 0
  m_Script: {fileID: 11500000, guid: 98e4f6cbc11fdeb45afe74b19c882f86, type: 3}
  m_Name: 
  m_EditorClassIdentifier: 
  index: 0
  hBones: 
  enemies: []
--- !u!114 &1977234715
MonoBehaviour:
  m_ObjectHideFlags: 0
  m_CorrespondingSourceObject: {fileID: 0}
  m_PrefabInstance: {fileID: 0}
  m_PrefabAsset: {fileID: 0}
  m_GameObject: {fileID: 1977234712}
  m_Enabled: 1
  m_EditorHideFlags: 0
  m_Script: {fileID: 11500000, guid: acf08d8ffbf66bc4fa99be7a7024ae30, type: 3}
  m_Name: 
  m_EditorClassIdentifier: 
  hp: 0
  isInvincible: 0
--- !u!4 &2113572033 stripped
Transform:
  m_CorrespondingSourceObject: {fileID: -4216859302048453862, guid: abcf007f95b3a564bbd905978ce6b85f,
    type: 3}
  m_PrefabInstance: {fileID: 1965895393}
  m_PrefabAsset: {fileID: 0}
--- !u!1 &2114094179
GameObject:
  m_ObjectHideFlags: 0
  m_CorrespondingSourceObject: {fileID: 0}
  m_PrefabInstance: {fileID: 0}
  m_PrefabAsset: {fileID: 0}
  serializedVersion: 6
  m_Component:
  - component: {fileID: 2114094180}
  m_Layer: 0
  m_Name: Target
  m_TagString: Untagged
  m_Icon: {fileID: 0}
  m_NavMeshLayer: 0
  m_StaticEditorFlags: 0
  m_IsActive: 1
--- !u!4 &2114094180
Transform:
  m_ObjectHideFlags: 0
  m_CorrespondingSourceObject: {fileID: 0}
  m_PrefabInstance: {fileID: 0}
  m_PrefabAsset: {fileID: 0}
  m_GameObject: {fileID: 2114094179}
  m_LocalRotation: {x: 0, y: 0, z: 0, w: 1}
  m_LocalPosition: {x: 0, y: 0, z: 0}
  m_LocalScale: {x: 1, y: 1, z: 1}
  m_Children: []
  m_Father: {fileID: 392321945}
  m_RootOrder: 1
  m_LocalEulerAnglesHint: {x: 0, y: 0, z: 0}
